@misc{sqlite,
  title = "{SQLite}",
  howpublished = "\url{https://www.sqlite.org/}"
}
@misc{sqlite-manager,
  title = "SQLite Manager",
  howpublished = "\url{https://github.com/lazierthanthou/sqlite-manager}",
}
@misc{libtorrent,
  title = "{Bittorrent udp-tracker protocol extension}",
  howpublished = "\url{http://www.rasterbar.com/products/libtorrent/udp_tracker_protocol.html}"
}
@misc{bep03,
  title = "{The BitTorrent Protocol Specification}",
  howpublished = "\url{http://www.bittorrent.org/beps/bep_0003.html}"
}
@misc{bep15,
  title = "{{UDP} Tracker Protocol for BitTorrent}",
  howpublished = "\url{http://www.bittorrent.org/beps/bep_0015.html}"
}
@misc{bep23,
  title = "{Tracker Returns Compact Peer Lists}",
  howpublished = "\url{http://www.bittorrent.org/beps/bep_0023.html}"
}